@INPROCEEDINGS{4284823, 
author={Ekenel, H.K. and Stallkamp, J. and Gao, H. and Fischer, M. and Stiefelhagen, R.}, 
booktitle={Multimedia and Expo, 2007 IEEE International Conference on}, 
title={Face Recognition for Smart Interactions}, 
year={2007}, 
month={July}, 
pages={1007-1010}, 
keywords={discrete cosine transforms;face recognition;human computer interaction;3D face recognition system;automatic face recognition system;discrete cosine transform coefficient;door monitoring system;portable face recognition system;real-life smart interaction application;Application software;Computer science;Discrete cosine transforms;Electronic mail;Face recognition;Lighting;Magnetic heads;Monitoring;Portable computers;Robustness}, 
doi={10.1109/ICME.2007.4284823},}

@inproceedings{ekenel2005local,
  title={Local appearance based face recognition using discrete cosine transform. In 13th European Signal Processing Conference (EUSIPCO 2005), Antalya, Turkey.},
  author={Ekenel, Hazim Kemal and Stiefelhagen, Rainer}
}