@INPROCEEDINGS{4284823, 
author={Ekenel, H.K. and Stallkamp, J. and Gao, H. and Fischer, M. and Stiefelhagen, R.}, 
booktitle={Multimedia and Expo, 2007 IEEE International Conference on}, 
title={Face Recognition for Smart Interactions}, 
year={2007}, 
month={July}, 
pages={1007-1010}, 
keywords={discrete cosine transforms;face recognition;human computer interaction;3D face recognition system;automatic face recognition system;discrete cosine transform coefficient;door monitoring system;portable face recognition system;real-life smart interaction application;Application software;Computer science;Discrete cosine transforms;Electronic mail;Face recognition;Lighting;Magnetic heads;Monitoring;Portable computers;Robustness}, 
doi={10.1109/ICME.2007.4284823},}

@inproceedings{ekenel2005local,
  title={Local appearance based face recognition using discrete cosine transform. In 13th European Signal Processing Conference (EUSIPCO 2005), Antalya, Turkey.},
  author={Ekenel, Hazim Kemal and Stiefelhagen, Rainer}
}

@ARTICLE{1717463,
author={Ahonen, T. and Hadid, A. and Pietikainen, M.},
journal={Pattern Analysis and Machine Intelligence, IEEE Transactions on},
title={Face Description with Local Binary Patterns: Application to Face Recognition},
year={2006},
month={Dec},
volume={28},
number={12},
pages={2037-2041},
keywords={face recognition;feature extraction;image representation;image texture;component-based face recognition;face description;face image;face misalignment;facial image representation;feature distributions;local binary patterns;texture features;Data mining;Face detection;Face recognition;Feature extraction;Image representation;Image texture analysis;Lighting;Linear discriminant analysis;Principal component analysis;Robustness;Facial image representation;component-based face recognition;face misalignment.;local binary pattern;texture features;Algorithms;Artificial Intelligence;Biometry;Face;Humans;Image Enhancement;Image Interpretation, Computer-Assisted;Information Storage and Retrieval;Numerical Analysis, Computer-Assisted;Pattern Recognition, Automated;Reproducibility of Results;Sensitivity and Specificity;Signal Processing, Computer-Assisted},
doi={10.1109/TPAMI.2006.244},
ISSN={0162-8828},}

@INPROCEEDINGS{1467368,
author={Phillips, P.J. and Flynn, P.J. and Scruggs, T. and Bowyer, K.W. and Jin Chang and Hoffman, K. and Marques, J. and Jaesik Min and Worek, W.},
booktitle={Computer Vision and Pattern Recognition, 2005. CVPR 2005. IEEE Computer Society Conference on},
title={Overview of the face recognition grand challenge},
year={2005},
month={June},
volume={1},
pages={947-954 vol. 1},
keywords={computer vision;face recognition;3D scans;computer design;computer vision;data corpus;face recognition grand challenge;facial imagery;sensor design;still imagery;Computer science;Computer vision;Drives;Face recognition;Image recognition;Image resolution;Lighting control;NIST;Protocols;Testing},
doi={10.1109/CVPR.2005.268},
ISSN={1063-6919},}